<record><leader>00000cas a22000007a 4500</leader><controlfield tag="001">11256211</controlfield><controlfield tag="008">841012d18911929njudn ne      0    0eng d</controlfield><datafield ind1=" " ind2=" " tag="010"><subfield code="a">sn 84024370 </subfield></datafield><datafield ind1=" " ind2=" " tag="040"><subfield code="a">NPV</subfield><subfield code="b">eng</subfield><subfield code="c">NPV</subfield><subfield code="d">CRL</subfield><subfield code="d">OCLCQ</subfield><subfield code="d">OCLCF</subfield><subfield code="d">OCLCO</subfield></datafield><datafield ind1=" " ind2=" " tag="042"><subfield code="a">msc</subfield></datafield><datafield ind1=" " ind2=" " tag="043"><subfield code="a">n-us-nj</subfield></datafield><datafield ind1="0" ind2="0" tag="245"><subfield code="a">Passaic daily news.</subfield></datafield><datafield ind1=" " ind2=" " tag="260"><subfield code="a">Passaic, N.J. :</subfield><subfield code="b">Passaic Daily News</subfield></datafield><datafield ind1=" " ind2=" " tag="300"><subfield code="a">v. :</subfield><subfield code="b">ill.</subfield></datafield><datafield ind1=" " ind2=" " tag="310"><subfield code="a">Daily (except Sun.)</subfield></datafield><datafield ind1="1" ind2=" " tag="362"><subfield code="a">Began with Nov. 18, 1891 issue; ceased with Jan. 26, 1929 issue.</subfield><subfield code="z">Cf. Wright and Stellhorn. Directory of New Jersey newspapers.</subfield></datafield><datafield ind1=" " ind2=" " tag="515"><subfield code="a">Issues for &lt;Dec. 17, 1925-Feb. 4, 1928&gt; called: &lt;49th-51st&gt; year; issue numbering begins with: v. 50, no. 194 (Aug. 18, 1927).</subfield></datafield><datafield ind1=" " ind2=" " tag="530"><subfield code="a">Also issued on microfilm from UMI.</subfield></datafield><datafield ind1=" " ind2=" " tag="588"><subfield code="a">Description based on: Dec. 17, 1925.</subfield></datafield><datafield ind1=" " ind2=" " tag="588"><subfield code="a">Latest issue consulted: Vol. 51, no. 150 (Feb. 4, 1928).</subfield></datafield><datafield ind1=" " ind2="0" tag="651"><subfield code="a">Passaic (N.J.)</subfield><subfield code="v">Newspapers.</subfield></datafield><datafield ind1=" " ind2="7" tag="655"><subfield code="a">Newspapers.</subfield><subfield code="2">fast</subfield><subfield code="0">(OCoLC)fst01423814</subfield></datafield><datafield ind1=" " ind2="7" tag="651"><subfield code="a">New Jersey</subfield><subfield code="z">Passaic.</subfield><subfield code="2">fast</subfield><subfield code="0">(OCoLC)fst01215293</subfield></datafield><datafield ind1=" " ind2=" " tag="752"><subfield code="a">United States</subfield><subfield code="b">New Jersey</subfield><subfield code="c">Passaic</subfield><subfield code="d">Passaic.</subfield></datafield><datafield ind1="0" ind2="0" tag="780"><subfield code="t">Passaic City daily news</subfield></datafield><datafield ind1="0" ind2="0" tag="785"><subfield code="t">Daily news (Passaic, N.J.)</subfield></datafield></record>